% This file was created with JabRef 2.10.
% Encoding: Cp1252


@InProceedings{adcock2001,
  Title                    = {Measurement validity: A shared standard for qualitative and quantitative research},
  Author                   = {Adcock, Robert},
  Booktitle                = {American Political Science Association},
  Year                     = {2001},
  Number                   = {03},
  Organization             = {Cambridge Univ Press},
  Pages                    = {529--546},
  Volume                   = {95}
}

@Article{coppedge2011,
  Title                    = {Conceptualizing and measuring democracy: A new approach},
  Author                   = {Coppedge, Michael and Gerring, John and Altman, David and Bernhard, Michael and Fish, Steven and Hicken, Allen and Kroenig, Matthew and Lindberg, Staffan I and McMann, Kelly and Paxton, Pamela and others},
  Journal                  = {Perspectives on Politics},
  Year                     = {2011},
  Number                   = {02},
  Pages                    = {247--267},
  Volume                   = {9},

  Publisher                = {Cambridge Univ Press}
}

@Book{johnson2011,
  Title                    = {Political science research methods},
  Author                   = {Johnson, Janet Buttolph and Reynolds, Henry T},
  Publisher                = {Cq Press},
  Year                     = {2011}
}

@Book{king1989,
  Title                    = {Unifying political methodology: The likelihood theory of statistical inference},
  Author                   = {King, Gary},
  Publisher                = {University of Michigan Press},
  Year                     = {1989}
}

@Book{king1994,
  Title                    = {Designing social inquiry: Scientific inference in qualitative research},
  Author                   = {King, Gary and Keohane, Robert O and Verba, Sidney},
  Publisher                = {Princeton University Press},
  Year                     = {1994}
}

@Article{martin2002,
  Title                    = {Dynamic ideal point estimation via Markov chain Monte Carlo for the US Supreme Court, 1953--1999},
  Author                   = {Martin, Andrew D and Quinn, Kevin M},
  Journal                  = {Political Analysis},
  Year                     = {2002},
  Number                   = {2},
  Pages                    = {134--153},
  Volume                   = {10},

  Publisher                = {SPM-PMSAPSA}
}

@Book{miller2002,
  Title                    = {Handbook of research design and social measurement},
  Author                   = {Miller, Delbert C and Salkind, Neil J},
  Publisher                = {Sage},
  Year                     = {2002}
}

@Article{paldam2000,
  Title                    = {Social capital: one or many? Definition and measurement},
  Author                   = {Paldam, Martin},
  Journal                  = {Journal of economic surveys},
  Year                     = {2000},
  Number                   = {5},
  Pages                    = {629--653},
  Volume                   = {14},

  Publisher                = {Wiley Online Library}
}

@Book{ragin2000fuzzy,
  Title                    = {Fuzzy-set social science},
  Author                   = {Ragin, Charles C},
  Publisher                = {University of Chicago Press},
  Year                     = {2000}
}

@Article{treier2008,
  Title                    = {Democracy as a latent variable},
  Author                   = {Treier, Shawn and Jackman, Simon},
  Journal                  = {American Journal of Political Science},
  Year                     = {2008},
  Number                   = {1},
  Pages                    = {201--217},
  Volume                   = {52},

  Publisher                = {Wiley Online Library}
}

